@unpublished{thompsongithub,
  title={AllCraigslistLocations},
  author={Jeff Thompson},
  url={https://gist.github.com/jeffThompson/62fcd3540affdf194b9a},
  year={2017}
}

@INPROCEEDINGS{Garg2013,
  author={Garg, Vaibhav and Nilizadeh, Shirin},
  booktitle={2013 IEEE Security and Privacy Workshops}, 
  title={Craigslist Scams and Community Composition: Investigating Online Fraud Victimization}, 
  year={2013},
  volume={},
  number={},
  pages={123-126},
  doi={10.1109/SPW.2013.21}}
  
@article{Kuk2021, 
title={The COVID-19 Pandemic and the Rental Market: Evidence From Craigslist}, 
ISSN={0002-7642}, 
DOI={10.1177/00027642211003149}, 
journal={American Behavioral Scientist}, 
publisher={SAGE Publications Inc}, 
author={Kuk, John and Schachter, Ariela and Faber, Jacob William and Besbris, Max}, 
year={2021}, 
month={Mar}, 
pages={00027642211003149} }

 @article{Boeing2017, 
 title={New Insights into Rental Housing Markets across the United States: Web Scraping and Analyzing Craigslist Rental Listings}, volume={37}, ISSN={0739-456X}, DOI={10.1177/0739456X16664789}, number={4}, journal={Journal of Planning Education and Research}, publisher={SAGE Publications Inc}, author={Boeing, Geoff and Waddell, Paul}, year={2017}, month={Dec}, pages={457–476} }
 
  @article{Medhat2014, 
  title={Sentiment analysis algorithms and applications: A survey}, volume={5}, ISSN={2090-4479}, DOI={10.1016/j.asej.2014.04.011}, number={4}, journal={Ain Shams Engineering Journal}, author={Medhat, Walaa and Hassan, Ahmed and Korashy, Hoda}, year={2014}, month={Dec}, pages={1093–1113} }
  
   @article{Tseng2018, place={New York, Netherlands}, 
   title={Price prediction of e-commerce products through Internet sentiment analysis}, volume={18}, ISSN={13895753}, DOI={http://dx.doi.org.ezproxy.lib.ou.edu/10.1007/s10660-017-9272-9}, publisher={Springer Nature B.V.}, author={Tseng, Kuo-Kun and Lin, Regina Fang-Ying and Zhou, Hongfu and Kurniajaya, Kevin Jati and Li, Qianyu}, year={2018}, month={Mar}, pages={65–88} }
   
   @misc{Johnson20, 
   title={11 mind-blowing facts about Craigslist, which makes more than \$1 billion a year and employs just 50 people}, url={https://www.businessinsider.com/craigslist-facts-2019-5}, journal={Business Insider}, author={Johnson, Dave} }

 @article{Fang2017, 
 title={Online classified advertising: a review and bibliometric analysis}, volume={113}, ISSN={1588-2861}, DOI={10.1007/s11192-017-2524-6}, number={3}, journal={Scientometrics}, author={Fang, Chencheng and Zhang, Jiantong and Qiu, Wei}, year={2017}, month={Dec}, pages={1481–1511} }

@article{Hogan2011,
author = {Hogan, Bernie and Berry, Brent},
title = {Racial and Ethnic Biases in Rental Housing: An Audit Study of Online Apartment Listings},
journal = {City \& Community},
volume = {10},
number = {4},
pages = {351-372},
doi = {https://doi.org/10.1111/j.1540-6040.2011.01376.x},
url = {https://onlinelibrary.wiley.com/doi/abs/10.1111/j.1540-6040.2011.01376.x},
year = {2011}
}


